@inproceedings{BGH13,
  author    = {N. Braud-Santoni and
               R. Guerraoui and
               F. Huc},
  title     = {Fast byzantine agreement},
  booktitle = {PODC},
  year      = {2013},
  pages     = {57-64},
}

@inproceedings{BPV06,
  author    = {M. Ben-Or and
               E. Pavlov and
               V. Vaikuntanathan},
  title     = {Byzantine agreement in the full-information model in O(log
               n) rounds},
  booktitle = {STOC},
  year      = {2006},
  pages     = {179-186},
}


@inproceedings{KLST11,
  author    = {V. King and
               S. Lonargan and
               J. Saia and
               A. Trehan},
  title     = {Load Balanced Scalable Byzantine Agreement through Quorum
               Building, with Full Information},
  booktitle = {ICDCN},
  year      = {2011},
  pages     = {203-214},
}

@article{DolevR85,
  author    = {D. Dolev and
               R. Reischuk},
  title     = {Bounds on Information Exchange for Byzantine Agreement},
  journal   = {J. ACM},
  volume    = {32},
  number    = {1},
  year      = {1985},
  pages     = {191-204},
}

@article{PeaseSL80,
  author    = {M. C. Pease and
               R. E. Shostak and
               L. Lamport},
  title     = {Reaching Agreement in the Presence of Faults},
  journal   = {J. ACM},
  volume    = {27},
  number    = {2},
  year      = {1980},
  pages     = {228-234},
}


@article{LamportSP82,
  author    = {L. Lamport and
               R. E. Shostak and
               M. C. Pease},
  title     = {The Byzantine Generals Problem},
  journal   = {ACM Trans. Program. Lang. Syst.},
  volume    = {4},
  number    = {3},
  year      = {1982},
  pages     = {382-401},
}


@inproceedings{Feige99,
  author    = {U. Feige},
  title     = {Noncryptographic Selection Protocols},
  booktitle = {FOCS},
  year      = {1999},
  pages     = {142-153},
}



@inproceedings{Rabin83,
  author    = {M. O. Rabin},
  title     = {Randomized Byzantine Generals},
  booktitle = {FOCS},
  year      = {1983},
  pages     = {403-409},
}

@inproceedings{FischerLP83,
  author    = {M. J. Fischer and
               N. A. Lynch and
               M. Paterson},
  title     = {Impossibility of Distributed Consensus with One Faulty Process},
  booktitle = {PODS},
  year      = {1983},
  pages     = {1-7},
}

@article{Bar-NoyD91,
  author    = {A. Bar-Noy and
               D. Dolev},
  title     = {Consensus Algorithms with One-Bit Messages},
  journal   = {Distributed Computing},
  volume    = {4},
  year      = {1991},
  pages     = {105-110},
}

@article{GarayM98,
  author    = {J. A. Garay and
               Y. Moses},
  title     = {Fully Polynomial Byzantine Agreement for {\it n} $>$
               Processors in {\it t} + 1 Rounds},
  journal   = {SIAM J. Comput.},
  volume    = {27},
  number    = {1},
  year      = {1998},
  pages     = {247-290},
}

@book{Tanenbaum:2006:DSP:1202502,
 author = {Tanenbaum, Andrew S. and Steen, Maarten van},
 title = {Distributed Systems: Principles and Paradigms (2Nd Edition)},
 year = {2006},
 isbn = {0132392275},
 publisher = {Prentice-Hall, Inc.},
 address = {Upper Saddle River, NJ, USA},
} 

@ARTICLE{Fischer81alower,
    author = {M. J. Fischer and N. A. Lynch},
    title = {A Lower Bound for the Time to Assure Interactive Consistency},
    journal = {Information Processing Letters},
    year = {1981},
    volume = {14},
    pages = {183--186}
}

@inproceedings{Ben-Or83,
 author = {M. Ben-Or},
 title = {Another Advantage of Free Choice (Extended Abstract): Completely Asynchronous Agreement Protocols},
 booktitle = {Proceedings of the Second Annual ACM Symposium on Principles of Distributed Computing},
 series = {PODC '83},
 year = {1983},
 pages = {27--30},
} 

@inproceedings{PR10,
  author    = {A. Patra and
               C. Pandu Rangan},
  title     = {Brief announcement: communication efficient asynchronous
               byzantine agreement},
  booktitle = {PODC},
  year      = {2010},
  pages     = {243-244},
}
@article{HKK08,
  author    = {D. Holtby and
               B. M. Kapron and
               V. King},
  title     = {Lower bound for scalable Byzantine Agreement},
  journal   = {Distributed Computing},
  volume    = {21},
  number    = {4},
  year      = {2008},
  pages     = {239-248},
}

@inproceedings{KSSV06,
  author    = {V. King and
               J. Saia and
               V. Sanwalani and
               E. Vee},
  title     = {Towards Secure and Scalable Computation in Peer-to-Peer
               Networks},
  booktitle = {FOCS},
  year      = {2006},
  pages     = {87-98},
}

@inproceedings{KS09,
  author    = {V. King and
               J. Saia},
  title     = {From Almost Everywhere to Everywhere: Byzantine Agreement
               with {\~O}(n$^{\mbox{3/2}}$) Bits},
  booktitle = {DISC},
  year      = {2009},
  pages     = {464-478},
}

@article{DPPU88,
  author    = {C. Dwork and
               D. Peleg and
               N. Pippenger and
               E. Upfal},
  title     = {Fault Tolerance in Networks of Bounded Degree},
  journal   = {SIAM J. Comput.},
  volume    = {17},
  number    = {5},
  year      = {1988},
  pages     = {975-988},
}

@article{FM97,
  author    = {P. Feldman and
               S. Micali},
  title     = {An Optimal Probabilistic Protocol for Synchronous Byzantine
               Agreement},
  journal   = {SIAM J. Comput.},
  volume    = {26},
  number    = {4},
  year      = {1997},
  pages     = {873-933},
}

@inproceedings{KM13,
  author    = {D. R. Kowalski and
               A. Most{\'{e}}faoui},
  title     = {Synchronous byzantine agreement with nearly a cubic number of communication
               bits: synchronous byzantine agreement with nearly a cubic number of
               communication bits},
  booktitle = {{ACM} Symposium on Principles of Distributed Computing, {PODC} '13,
               Montreal, QC, Canada, July 22-24, 2013},
  year      = {2013},
  pages     = {84--91},
}

@inproceedings{VN12,
  author    = {B. Vavala and
               N. Neves},
  title     = {Robust and Speculative Byzantine Randomized Consensus with Constant
               Time Complexity in Normal Conditions},
  booktitle = {{IEEE} 31st Symposium on Reliable Distributed Systems, {SRDS} 2012,
               Irvine, CA, USA, October 8-11, 2012},
  year      = {2012},
  pages     = {161--170},
}

@inproceedings{LSV12,
  author    = {G. Liang and
               B. Sommer and
               N. H. Vaidya},
  title     = {Experimental performance comparison of Byzantine Fault-Tolerant protocols
               for data centers},
  booktitle = {Proceedings of the {IEEE} {INFOCOM} 2012, Orlando, FL, USA, March
               25-30, 2012},
  year      = {2012},
  pages     = {1422--1430},
}

@inproceedings{OSK10,
  author    = {O. Oluwasanmi and
               J. Saia and
               V. King},
  title     = {An empirical study of a scalable Byzantine agreement algorithm},
  booktitle = {24th {IEEE} International Symposium on Parallel and Distributed Processing,
               {IPDPS} 2010, Atlanta, Georgia, USA, 19-23 April 2010 - Workshop Proceedings},
  year      = {2010},
  pages     = {1--13},
}

@inproceedings{Bracha84,
  author    = {G. Bracha},
  title     = {An Asynchronous (n-1)/3-Resilient Consensus Protocol},
  booktitle = {Proceedings of the Third Annual {ACM} Symposium on Principles of Distributed
               Computing, Vancouver, B. C., Canada, August 27-29, 1984},
  year      = {1984},
  pages     = {154--162},
}

@article{CL02,
  author    = {M. Castro and
               B. Liskov},
  title     = {Practical byzantine fault tolerance and proactive recovery},
  journal   = {{ACM} Trans. Comput. Syst.},
  year      = {2002},
  volume    = {20},
  number    = {4},
  pages     = {398--461},
}

@article{CKS05,
  author    = {C. Cachin and
               K. Kursawe and
               V. Shoup},
  title     = {Random Oracles in Constantinople: Practical Asynchronous Byzantine
               Agreement Using Cryptography},
  journal   = {J. Cryptology},
  year      = {2005},
  volume    = {18},
  number    = {3},
  pages     = {219--246},
}

@inproceedings{BDDS87,
  author    = {A. Bar{-}Noy and
               D. Dolev and
               C. Dwork and
               H. Raymond Strong},
  title     = {Shifting Gears: Changing Algorithms on the Fly To Expedite Byzantine
               Agreement},
  booktitle = {Proceedings of the Sixth Annual {ACM} Symposium on Principles of Distributed
               Computing, Vancouver, British Columbia, Canada, August 10-12, 1987},
  year      = {1987},
  pages     = {42--51},
}

@article{PCR14,
  author    = {A. Patra and
               A. Choudhury and
               C. Pandu Rangan},
  title     = {Asynchronous Byzantine Agreement with optimal resilience},
  journal   = {Distributed Computing},
  year      = {2014},
  volume    = {27},
  number    = {2},
  pages     = {111--146},
}

@inproceedings{AAKS14,
  author    = {D. Alistarh and
               J. Aspnes and
               V. King and
               J. Saia},
  title     = {Communication-Efficient Randomized Consensus},
  booktitle = {Distributed Computing - 28th International Symposium, {DISC} 2014,
               Austin, TX, USA, October 12-15, 2014. Proceedings},
  year      = {2014},
  pages     = {61--75},
}

@inproceedings{KKKSS08,
  author    = {B. M. Kapron and
               D. Kempe and
               V. King and
               J. Saia and
               V. Sanwalani},
  title     = {Fast asynchronous byzantine agreement and leader election with full
               information},
  booktitle = {Proceedings of the Nineteenth Annual {ACM-SIAM} Symposium on Discrete
               Algorithms, {SODA} 2008, San Francisco, California, USA, January 20-22,
               2008},
  year      = {2008},
  pages     = {1038--1047},
}

@inproceedings{KS13,
  author    = {V. King and
               J. Saia},
  title     = {Byzantine agreement in polynomial expected time: [extended abstract]},
  booktitle = {Symposium on Theory of Computing Conference, STOC'13, Palo Alto, CA,
               USA, June 1-4, 2013},
  year      = {2013},
  pages     = {401--410},
}

@inproceedings{MHR14,
  author    = {A. Most{\'{e}}faoui and
               M. Hamouma and
               M. Raynal},
  title     = {Signature-free asynchronous byzantine consensus with t 2{\textless}n/3
               and o(n\({}^{\mbox{2}}\)) messages},
  booktitle = {{ACM} Symposium on Principles of Distributed Computing, {PODC} '14,
               Paris, France, July 15-18, 2014},
  year      = {2014},
  pages     = {2--9},
}

@article{DRS90,
  author    = {D. Dolev and
               R. Reischuk and
               H. Raymond Strong},
  title     = {Early Stopping in Byzantine Agreement},
  journal   = {J. {ACM}},
  volume    = {37},
  number    = {4},
  pages     = {720--741},
  year      = {1990},
}

@article{TPS87,
  author    = {S. Toueg and
               K. J. Perry and
               T. K. Srikanth},
  title     = {Fast Distributed Agreement},
  journal   = {{SIAM} J. Comput.},
  volume    = {16},
  number    = {3},
  pages     = {445--457},
  year      = {1987},
}

@article{GGL98,
  author    = {O. Goldreich and
               S. Goldwasser and
               N. Linial},
  title     = {Fault-Tolerant Computation in the Full Information Model},
  journal   = {{SIAM} J. Comput.},
  volume    = {27},
  number    = {2},
  pages     = {506--544},
  year      = {1998},
}

@inproceedings{MNCV06,
  author    = {H. Moniz and
               N. Ferreira Neves and
               M. Correia and
               P. Ver{\'{\i}}ssimo},
  title     = {Experimental Comparison of Local and Shared Coin Randomized Consensus
               Protocols},
  booktitle = {25th {IEEE} Symposium on Reliable Distributed Systems {(SRDS} 2006),2-4
               October 2006, Leeds, {UK}},
  pages     = {235--244},
  year      = {2006},
}

@inproceedings{MNC10,
  author    = {H. Moniz and
               N. Ferreira Neves and
               M. Correia},
  title     = {Turquois: Byzantine consensus in wireless ad hoc networks},
  booktitle = {Proceedings of the 2010 {IEEE/IFIP} International Conference on Dependable
               Systems and Networks, {DSN} 2010, Chicago, IL, USA, June 28 - July
               1 2010},
  pages     = {537--546},
  year      = {2010},
}

@article{MNCV11,
  author    = {Henrique Moniz and
               Nuno Ferreira Neves and
               Miguel Correia and
               Paulo Ver{\'{\i}}ssimo},
  title     = {{RITAS:} Services for Randomized Intrusion Tolerance},
  journal   = {{IEEE} Trans. Dependable Sec. Comput.},
  volume    = {8},
  number    = {1},
  pages     = {122--136},
  year      = {2011},

}
